@inproceedings{ZANNETTOU:2018,
    author        = {Savvas Zannettou and Tristan Caulfield and Jeremy Blackburn and Emiliano De Cristofaro and Michael Sirivianos and Gianluca Stringhini and Guillermo Suarez-Tangil},
    title         = {On the Origins of Memes by Means of Fringe Web Communities},
    booktitle     = {Proceedings of the Internet Measurement Conference 2018},
    series        = {IMC '18},
    year          = {2018},
    isbn          = {978-1-4503-5619-0},
    location      = {Boston, MA, USA},
    pages         = {188--202},
    url           = {http://doi.acm.org/10.1145/3278532.3278550},
    doi           = {10.1145/3278532.3278550},
    publisher     = {ACM},
} 

@inproceedings{JIANG:2014,
    author = {Lu Jiang and Yajie Miao and Yi Yang and Zhenzhong Lan and Alexander G. Hauptmann},
    title = {Viral Video Style: A Closer Look at Viral Videos on YouTube},
    booktitle = {Proceedings of International Conference on Multimedia Retrieval},
    series = {ICMR '14},
    year = {2014},
    isbn = {978-1-4503-2782-4},
    location = {Glasgow, United Kingdom},
    pages = {193:193--193:200},
    articleno = {193},
    numpages = {8},
    url = {http://doi.acm.org/10.1145/2578726.2578754},
    doi = {10.1145/2578726.2578754},
    acmid = {2578754},
    publisher = {ACM},
    address = {New York, NY, USA},
    keywords = {CMU Viral Video Dataset, Gangnam Style, Popular Video, Social Media, View Count Prediction, YouTube},
}